<record><leader>00000cas a2200000 a 4500</leader><controlfield tag="001">2266185</controlfield><controlfield tag="008">760620d18871992paudr ne      0    0eng c</controlfield><datafield ind1=" " ind2=" " tag="010"><subfield code="a">sn 83045347 </subfield></datafield><datafield ind1=" " ind2=" " tag="040"><subfield code="a">PIT</subfield><subfield code="b">eng</subfield><subfield code="c">PIT</subfield><subfield code="d">NPW</subfield><subfield code="d">NPH</subfield><subfield code="d">NPY</subfield><subfield code="d">NPH</subfield><subfield code="d">YOX</subfield><subfield code="d">DLC</subfield><subfield code="d">NJW</subfield><subfield code="d">NPH</subfield><subfield code="d">KNP</subfield><subfield code="d">MGN</subfield><subfield code="d">PIT</subfield><subfield code="d">DLC</subfield><subfield code="d">NSD</subfield><subfield code="d">CRL</subfield><subfield code="d">DLC</subfield><subfield code="d">KRTAS</subfield><subfield code="d">DLC</subfield><subfield code="d">OCLCQ</subfield><subfield code="d">OCLCF</subfield></datafield><datafield ind1=" " ind2=" " tag="019"><subfield code="a">743301673</subfield></datafield><datafield ind1="1" ind2=" " tag="029"><subfield code="a">AU@</subfield><subfield code="b">000020370217</subfield></datafield><datafield ind1=" " ind2=" " tag="037"><subfield code="b">The Pittsburgh Press, 34 Blvd. of the Allies, Pittsburgh, Pa. 15222.</subfield></datafield><datafield ind1=" " ind2=" " tag="042"><subfield code="a">pcc</subfield></datafield><datafield ind1=" " ind2=" " tag="043"><subfield code="a">n-us-pa</subfield></datafield><datafield ind1="0" ind2="0" tag="050"><subfield code="a">Newspaper</subfield></datafield><datafield ind1="0" ind2="4" tag="245"><subfield code="a">The Pittsburg press.</subfield></datafield><datafield ind1="3" ind2="0" tag="246"><subfield code="a">Pittsburgh press</subfield></datafield><datafield ind1="3" ind2="0" tag="246"><subfield code="a">Pittsburgh press and daily news</subfield></datafield><datafield ind1=" " ind2=" " tag="260"><subfield code="a">Pittsburg, Pa. :</subfield><subfield code="b">Evening Penny Press Co.,</subfield><subfield code="c">[1887-1992]</subfield></datafield><datafield ind1=" " ind2=" " tag="300"><subfield code="a">109 v. :</subfield><subfield code="b">ill. ;</subfield><subfield code="c">54-60 cm.</subfield></datafield><datafield ind1=" " ind2=" " tag="310"><subfield code="a">Daily,</subfield><subfield code="b">Sept. 1888-</subfield></datafield><datafield ind1=" " ind2=" " tag="321"><subfield code="a">Daily (except Sunday),</subfield><subfield code="b">Oct. 19, 1887-</subfield></datafield><datafield ind1="0" ind2=" " tag="362"><subfield code="a">Vol. 4, no. 250 (Oct. 19, 1887)-v. 109, no. 2 (July 28, 1992).</subfield></datafield><datafield ind1=" " ind2=" " tag="500"><subfield code="a">Published as: Pittsburg press, 1887-&lt;1914&gt;; Pittsburgh press, &lt;1927&gt;-1992.</subfield></datafield><datafield ind1=" " ind2=" " tag="500"><subfield code="a">Publishers: O.S. Hershman &lt;Sept. 12, 1894&gt;; Press Pub. Co. &lt;1908-&gt;</subfield></datafield><datafield ind1=" " ind2=" " tag="515"><subfield code="a">Suspended: May 14-Sept. 19, 1971 and May 17-July 26, 1992.</subfield></datafield><datafield ind1=" " ind2=" " tag="525"><subfield code="a">Regional supplements accompany some issues.</subfield></datafield><datafield ind1=" " ind2=" " tag="530"><subfield code="a">Available on microfilm from University Microfilms International.</subfield></datafield><datafield ind1=" " ind2="0" tag="651"><subfield code="a">Pittsburgh (Pa.)</subfield><subfield code="v">Newspapers.</subfield></datafield><datafield ind1=" " ind2="7" tag="655"><subfield code="a">Newspapers.</subfield><subfield code="2">fast</subfield><subfield code="0">(OCoLC)fst01423814</subfield></datafield><datafield ind1=" " ind2="7" tag="651"><subfield code="a">Pennsylvania</subfield><subfield code="z">Pittsburgh.</subfield><subfield code="2">fast</subfield><subfield code="0">(OCoLC)fst01205171</subfield></datafield><datafield ind1=" " ind2=" " tag="752"><subfield code="a">United States</subfield><subfield code="b">Pennsylvania</subfield><subfield code="c">Allegheny</subfield><subfield code="d">Pittsburgh.</subfield></datafield><datafield ind1="0" ind2="0" tag="780"><subfield code="t">Evening penny press (Pittsburgh, Pa.)</subfield><subfield code="w">(DLC)sn 86081025</subfield><subfield code="w">(OCoLC)13048490</subfield></datafield><datafield ind1="0" ind2="5" tag="780"><subfield code="t">Evening record (Allegheny, Pa.)</subfield><subfield code="w">(DLC)sn 85055230</subfield><subfield code="w">(OCoLC)12815278</subfield></datafield><datafield ind1="0" ind2="5" tag="780"><subfield code="t">Pittsburg daily news</subfield><subfield code="w">(DLC)sn 86081031</subfield><subfield code="w">(OCoLC)13048525</subfield></datafield><datafield ind1="0" ind2="4" tag="785"><subfield code="t">Pittsburgh post-gazette (Pittsburgh, Pa. : 1978)</subfield><subfield code="x">1068-624X</subfield><subfield code="w">(DLC)sn 84037022</subfield><subfield code="w">(OCoLC)10846671</subfield></datafield><datafield ind1=" " ind2=" " tag="938"><subfield code="a">Kirtas Technologies, Inc.</subfield><subfield code="b">KRTS</subfield><subfield code="n">735694</subfield></datafield></record>